<record xmlns='http://www.loc.gov/MARC21/slim'><leader>02929ntm a2200385Ii 4500</leader><controlfield tag='001'>991058301963606011</controlfield><controlfield tag='005'>20220506125609.0</controlfield><controlfield tag='008'>220506q16101630enk           000 0 eng d</controlfield><datafield ind1=' ' ind2=' ' tag='035'><subfield code='a'>(OCoLC)1314385730h</subfield></datafield><datafield ind1=' ' ind2=' ' tag='035'><subfield code='a'>(OCoLC)on1314385730h</subfield></datafield><datafield ind1=' ' ind2=' ' tag='040'><subfield code='a'>HRH</subfield><subfield code='b'>eng</subfield><subfield code='e'>dcrmmss</subfield><subfield code='c'>HRH</subfield></datafield><datafield ind1=' ' ind2=' ' tag='041'><subfield code='a'>eng</subfield><subfield code='a'>lat</subfield></datafield><datafield ind1=' ' ind2=' ' tag='049'><subfield code='a'>HRHH</subfield></datafield><datafield ind1=' ' ind2='9' tag='099'><subfield code='a'>MS 3327, Container 79</subfield></datafield><datafield ind1='0' ind2='0' tag='245'><subfield code='a'>Miscellany, 1610-1630 :</subfield><subfield code='k'>manuscript.</subfield></datafield><datafield ind1=' ' ind2='0' tag='264'><subfield code='a'>England ;</subfield><subfield code='c'>1610-1630</subfield></datafield><datafield ind1=' ' ind2=' ' tag='300'><subfield code='a'>181 leaves :</subfield><subfield code='b'>paper,</subfield><subfield code='c'>22 x 17 cm</subfield></datafield><datafield ind1=' ' ind2=' ' tag='336'><subfield code='a'>text</subfield><subfield code='b'>txt</subfield><subfield code='2'>rdacontent</subfield></datafield><datafield ind1=' ' ind2=' ' tag='337'><subfield code='a'>unmediated</subfield><subfield code='b'>n</subfield><subfield code='2'>rdamedia</subfield></datafield><datafield ind1=' ' ind2=' ' tag='338'><subfield code='a'>volume</subfield><subfield code='b'>nc</subfield><subfield code='2'>rdacarrier</subfield></datafield><datafield ind1=' ' ind2=' ' tag='500'><subfield code='a'>Title devised by cataloger.</subfield></datafield><datafield ind1=' ' ind2=' ' tag='500'><subfield code='a'>Most items are dated between 1621 and 1623.</subfield></datafield><datafield ind1=' ' ind2=' ' tag='506'><subfield code='a'>Use: Unrestricted, for either reading room or classroom use</subfield></datafield><datafield ind1=' ' ind2=' ' tag='520'><subfield code='a'>Contains two tracts by Thomas Scott (1580?-1626), Vox Populi News from Spayne (published 1626) and Vox spiritus or Sir Walter Rawleighes ghoste (published 1620) concerning the Spanish ambassador to England, Diego Sarmiento de Acun̳a, Conde de Gondomar (1567-1626); poems; epitaphs; copies of several letters concerning the King, George Abbott the Archbishop of Canterbury (1562-1633), the Lord Keeper, and parliamentary and legal matters, including the examination of the Earl of Southampton, and the 1613 divorce proceedings between Lady Frances Howard (1593-1632) and Robert Devereux, Earl of Essex (1591-1646).</subfield></datafield><datafield ind1=' ' ind2=' ' tag='581'><subfield code='a'>Farmer, Norman K. Jr., Robert Herrick&apos;s Commonplace Book? Some Observations and Questions. PBSA, 66 (1972), 21-34.</subfield></datafield><datafield ind1=' ' ind2=' ' tag='581'><subfield code='a'>Norman K. Farmer, Robert Herrick&apos;s Commonplace Book? Some Observations and Questions, Papers of the Bibliographical Society of America 66/1 (1972): 21-34.</subfield></datafield><datafield ind1=' ' ind2=' ' tag='590'><subfield code='a'>MS 3327, Container 79: Offered by London booksellers Puttick &amp; Simpson, 30 August 1849, no. 158; acquired by Sir Thomas Phillipps (1792-1872), no. 12341*; unidentified dealers&apos; marks on the front pastedown: a 57.1229 and 625 F2; acquired by the Ransom Center in 1964 (R2722) from the House of El Dieff. DIDB record: 12872. Binding: Half brown tanned calfskin with dark blue cloth over paper boards. Straight caps, smooth spine on hollow tube, edges cut before sewing. No decoration on covers; blind-tooled roll across spine (six panels), gold-tooled red goatskin spine title label. No endbands. Sewn on three (flattened?) cords, laced on boards. Endleaf components: front tipped fold off-white handmade laid paper making pastedown, free endleaf, and text blank; back same.  (England, 1847 (see binder s ticket inside front cover))</subfield></datafield><datafield ind1=' ' ind2='7' tag='655'><subfield code='a'>Commonplace books.</subfield><subfield code='2'>rbgenr</subfield></datafield><datafield ind1=' ' ind2='7' tag='655'><subfield code='a'>Miscellanies.</subfield><subfield code='2'>aat</subfield></datafield><datafield ind1='1' ind2=' ' tag='790'><subfield code='a'>Phillipps, Thomas, Sir, 1792-1872,</subfield><subfield code='e'>former owner.</subfield></datafield><datafield ind1='2' ind2=' ' tag='791'><subfield code='a'>Puttick and Simpson,</subfield><subfield code='e'>auctioner.</subfield></datafield><datafield ind1='2' ind2=' ' tag='791'><subfield code='a'>House of El Dieff, Inc.,</subfield><subfield code='e'>seller.</subfield></datafield><datafield ind1='2' ind2=' ' tag='791'><subfield code='a'>Medieval and Early Modern Manuscripts Collection</subfield></datafield><datafield ind1=' ' ind2=' ' tag='752'><subfield code='a'>England,</subfield><subfield code='e'>producation place.</subfield></datafield><datafield ind1=' ' ind2=' ' tag='994'><subfield code='a'>C0</subfield><subfield code='b'>HRH</subfield></datafield></record>
